@article{r1,
  title={Shortfalls and solutions for meeting national and global conservation area targets},
author = {Butchart, Stuart H.M. and Clarke, Martin and Smith, Robert J. and Sykes, Rachel E. and Scharlemann, Jörn P.W. and Harfoot, Mike and Buchanan, Graeme M. and Angulo, Ariadne and Balmford, Andrew and Bertzky, Bastian and Brooks, Thomas M. and Carpenter, Kent E. and Comeros-Raynal, Mia T. and Cornell, John and Ficetola, G. Francesco and Fishpool, Lincoln D.C. and Fuller, Richard A. and Geldmann, Jonas and Harwell, Heather and Hilton-Taylor, Craig and Hoffmann, Michael and Joolia, Ackbar and Joppa, Lucas and Kingston, Naomi and May, Ian and Milam, Amy and Polidoro, Beth and Ralph, Gina and Richman, Nadia and Rondinini, Carlo and Segan, Daniel B. and Skolnik, Benjamin and Spalding, Mark D. and Stuart, Simon N. and Symes, Andy and Taylor, Joseph and Visconti, Piero and Watson, James E.M. and Wood, Louisa and Burgess, Neil D.},
  journal={Conservation Letters},
  volume={8},
  number={5},
  pages={329--337},
  year={2015},
}

@article{r2,
  title={Global gap analysis: priority regions for expanding the global protected-area network},
  author = {Rodrigues, Ana S. L. and Akçakaya, H. Resit and Andelman, Sandy J. and Bakarr, Mohamed I. and Boitani, Luigi and Brooks, Thomas M. and Chanson, Janice S. and Fishpool, Lincoln D. C. and Da Fonseca, Gustavo A. B. and Gaston, Kevin J. and Hoffmann, Michael and Marquet, Pablo A. and Pilgrim, John D. and Pressey, Robert L. and Schipper, Jan and Sechrest, Wes and Stuart, Simon N. and Underhill, Les G. and Waller, Robert W. and Watts, Matthew E. J. and Yan, Xie},
  journal={BioScience},
  volume={54},
  number={12},
  pages={1092--1100},
  year={2004},
}

@article{r3,
  title={Replacing underperforming protected areas achieves better conservation outcomes},
  author={Fuller, Richard A and McDonald-Madden, Eve and Wilson, Kerrie A and Carwardine, Josie and Grantham, Hedley S and Watson, James EM and Klein, Carissa J and Green, David C and Possingham, Hugh P},
  journal={Nature},
  volume={466},
  number={7304},
  pages={365},
  year={2010},
  publisher={Nature Publishing Group}
}

@article{r4,
  doi = {10.1016/s0006-3207(99)00149-4},
  url = {https://doi.org/10.1016/s0006-3207(99)00149-4},
  year = {2000},
  month = may,
  publisher = {Elsevier {BV}},
  volume = {93},
  number = {3},
  pages = {303--325},
  author = {Simon Ferrier and Robert L. Pressey and Thomas W. Barrett},
  title = {A new predictor of the irreplaceability of areas for achieving a conservation goal,  its application to real-world planning,  and a research agenda for further refinement},
  journal = {Biological Conservation}
}

@article{r5,
  title={Applications of irreplaceability analysis to planning and management problems},
  author={Pressey, R L},
  journal={Parks},
  volume={9},
  number={1},
  pages={42--51},
  year={1999}
}

@article{r6,
  year = {2018},
  volume = {13},
  number = {12},
  pages = {e0208264},
  author = {Martin Friedrichs and Virgilio Hermoso and Vanessa Bremerich and Simone D. Langhans},
  editor = {Bi-Song Yue},
  title = {Evaluation of habitat protection under the European Natura 2000 conservation network {\textendash} The example for Germany},
  journal = {{PLOS} {ONE}}
}

@article{r7,
  year = {2017},
  volume = {12},
  number = {1},
  pages = {e0169629},
  author = {Chris Taylor and Natasha Cadenhead and David B. Lindenmayer and Brendan A. Wintle},
  editor = {Danilo Russo},
  title = {Improving the Design of a Conservation Reserve for a Critically Endangered Species},
  journal = {{PLOS} {ONE}}
}

@article{r8,
  year = {2021},
  volume = {5},
  number = {11},
  pages = {1499--1509},
  author = {Martin Jung and Andy Arnell and Xavier de Lamo and Shaenandhoa Garc{\'{\i}}a-Rangel and Matthew Lewis and Jennifer Mark and Cory Merow and Lera Miles and Ian Ondo and Samuel Pironon and Corinna Ravilious and Malin Rivers and Dmitry Schepaschenko and Oliver Tallowin and Arnout van Soesbergen and Rafaël Govaerts and Bradley L. Boyle and Brian J. Enquist and Xiao Feng and Rachael Gallagher and Brian Maitner and Shai Meiri and Mark Mulligan and Gali Ofer and Uri Roll and Jeffrey O. Hanson and Walter Jetz and Moreno Di Marco and Jennifer McGowan and D. Scott Rinnan and Jeffrey D. Sachs and Myroslava Lesiv and Vanessa M. Adams and Samuel C. Andrew and Joseph R. Burger and Lee Hannah and Pablo A. Marquet and James K. McCarthy and Naia Morueta-Holme and Erica A. Newman and Daniel S. Park and Patrick R. Roehrdanz and Jens-Christian Svenning and Cyrille Violle and Jan J. Wieringa and Graham Wynne and Steffen Fritz and Bernardo B. N. Strassburg and Michael Obersteiner and Valerie Kapos and Neil Burgess and Guido Schmidt-Traub and Piero Visconti},
  title = {Areas of global importance for conserving terrestrial biodiversity,  carbon and water},
  journal = {Nature Ecology and Evolution}
}

@book{r9,
  title={{Marxan Good Practices Handbook }},
  author={Ardron, Jeff A and Possingham, Hugh P and Klein, Carissa J},
  publisher={Pacific Marine Analysis and Research Association},
  address={Victoria, BC, Canada},
  edition={ (2nd version)},
  year={2010}
}

@article{r10,
  doi = {10.1098/rspb.2005.3164},
  url = {https://doi.org/10.1098/rspb.2005.3164},
  year = {2005},
  month = aug,
  publisher = {The Royal Society},
  volume = {272},
  number = {1575},
  pages = {1885--1891},
  author = {Atte Moilanen and Aldina M.A Franco and Regan I Early and Richard Fox and Brendan Wintle and Chris D Thomas},
  title = {Prioritizing multiple-use landscapes for conservation: methods for large multi-species planning problems},
  journal = {Proceedings of the Royal Society B: Biological Sciences}
}

@article{r11,
  title={Incorporating asymmetric connectivity into spatial decision making for conservation},
  author={Beger, Maria and Linke, Simon and Watts, Matt and Game, Eddie and Treml, Eric and Ball, Ian and Possingham, Hugh P},
  journal={Conservation Letters},
  volume={3},
  number={5},
  pages={359--368},
  year={2010},
}

@article{r12,
  year = {2022},
  volume = {59},
  number = {10},
  pages = {2507--2519},
  author = {Jeffrey O. Hanson and Jaimie Vincent and Richard Schuster and Lenore Fahrig and Angela Brennan and Amanda E. Martin and Josie S. Hughes and Richard Pither and Joseph R. Bennett},
  title = {A comparison of approaches for including connectivity in systematic conservation planning},
  journal = {Journal of Applied Ecology}
}

@article{r13,
   author = {Margules, C. R. and Pressey, R. L.},
   title = {Systematic conservation planning},
   journal = {Nature},
   volume = {405},
   number = {6783},
   pages = {243-253},
   year = {2000},
   type = {Journal Article}
}

@article{r14,
  doi = {10.1016/j.biocon.2006.04.025},
  url = {https://doi.org/10.1016/j.biocon.2006.04.025},
  year = {2006},
  month = oct,
  publisher = {Elsevier {BV}},
  volume = {132},
  number = {3},
  pages = {336--342},
  author = {Mar Cabeza and Atte Moilanen},
  title = {Replacement cost: A practical measure of site value for cost-effective reserve planning},
  journal = {Biological Conservation}
}

@article{r15,
  year = {2008},
  volume = {23},
  number = {5},
  pages = {565--574},
  author = {Ana S. Rodrigues and J. Orestes Cerdeira and Kevin J. Gaston},
  title = {Flexibility,  efficiency,  and accountability: adapting reserve selection algorithms to more complex conservation problems},
  journal = {Ecography}
}

@article{r16,
  year = {2016},
  volume = {328},
  pages = {14--22},
  author = {Hawthorne L. Beyer and Yann Dujardin and Matthew E. Watts and Hugh P. Possingham},
  title = {Solving conservation planning problems with integer linear programming},
  journal = {Ecological Modelling}
}
